<marcxml:record xmlns:marcxml="http://www.loc.gov/MARC21/slim" xmlns:idx="info:lc/xq-modules/lcindex" xmlns:madsrdf="http://www.loc.gov/mads/rdf/v1#" xmlns:ri="http://id.loc.gov/ontologies/RecordInfo#" xmlns:xlink="http://www.w3.org/1999/xlink" xmlns:rdf="http://www.w3.org/1999/02/22-rdf-syntax-ns#" xmlns:mets="http://www.loc.gov/METS/" xmlns:semtriples="http://marklogic.com/semantic" xmlns:xsi="http://www.w3.org/2001/XMLSchema-instance" xmlns:streams="info:lc/streams#">
            <marcxml:leader>01050cz  a2200181n  4500</marcxml:leader>
            <marcxml:controlfield tag="001">sh2010003436</marcxml:controlfield>
            <marcxml:controlfield tag="003">DLC</marcxml:controlfield>
            <marcxml:controlfield tag="005">20100414141649.0</marcxml:controlfield>
            <marcxml:controlfield tag="008">100308|| anannbabn          |a ana     c</marcxml:controlfield>
            <marcxml:datafield tag="010" ind1=" " ind2=" ">
              <marcxml:subfield code="a">sh2010003436</marcxml:subfield>
            </marcxml:datafield>
            <marcxml:datafield tag="040" ind1=" " ind2=" ">
              <marcxml:subfield code="a">NNU</marcxml:subfield>
              <marcxml:subfield code="b">eng</marcxml:subfield>
              <marcxml:subfield code="c">DLC</marcxml:subfield>
            </marcxml:datafield>
            <marcxml:datafield tag="110" ind1="2" ind2=" ">
              <marcxml:subfield code="a">Villa Aldobrandini (Frascati, Italy)</marcxml:subfield>
            </marcxml:datafield>
            <marcxml:datafield tag="410" ind1="2" ind2=" ">
              <marcxml:subfield code="a">Aldobrandini, Villa (Frascati, Italy)</marcxml:subfield>
            </marcxml:datafield>
            <marcxml:datafield tag="550" ind1=" " ind2=" ">
              <marcxml:subfield code="w">g</marcxml:subfield>
              <marcxml:subfield code="a">Dwellings</marcxml:subfield>
              <marcxml:subfield code="z">Italy</marcxml:subfield>
            </marcxml:datafield>
            <marcxml:datafield tag="670" ind1=" " ind2=" ">
              <marcxml:subfield code="a">Work cat.: Villa Aldobrandina tvscvlana, 1647.</marcxml:subfield>
            </marcxml:datafield>
            <marcxml:datafield tag="670" ind1=" " ind2=" ">
              <marcxml:subfield code="a">La Villa Aldobrandini di Frascati, 1963.</marcxml:subfield>
            </marcxml:datafield>
            <marcxml:datafield tag="670" ind1=" " ind2=" ">
              <marcxml:subfield code="a">Michelin. Rome tourist guide, 1985:</marcxml:subfield>
              <marcxml:subfield code="b">p. 211 (Villa Aldobrandini; set above the Via Tuscolana, with terraces, clipped avenues, fountains and rockeries)</marcxml:subfield>
            </marcxml:datafield>
            <marcxml:datafield tag="670" ind1=" " ind2=" ">
              <marcxml:subfield code="a">Wikipedia, Mar. 5, 2010</marcxml:subfield>
              <marcxml:subfield code="b">(Villa Aldobrandini; in Frascati, Italy; property of the Aldobrandini family; rebuilt on the order of Cardinal Pietro Aldobrandini, Pope Clement VIII's nephew over a pre-existing edifice built by the Vatican prelate Alessandro Rufini in 1550; rebuilt in the current form by Giacomo della Porta from 1598 to 1602, and then completed by Carlo Maderno and Giovanni Fontana)</marcxml:subfield>
            </marcxml:datafield>
          </marcxml:record>
